@ARTICLE{doctor13,
	author = {Daniel H. Doctor and John A. Young},
	title = {An evaluation of automated GIS tools for delineating karst sinkholes and closed depressions from 1-meter LiDAR-derived digital elevation data},
	journal = {Proceedings of the Thirteenth Multidisciplinary Conference on Sinkholes and the Engineering and Environmental Impacts of Karst},
	year = {2013},
	pages = {449-458}
}

